@BOOKLET{Madsen2010,
  author = {Lars Madsen},
  title = {Introduktion til {LaTeX}},
  year = {2010},
  howpublished = {\url{http://www.imf.au.dk/system/latex/bog/}}
 }
 
@MISC{Oetiker2010,
  author = {Tobias Oetiker},
  title = {The Not So Short A Introduction to {LaTeX2e}},
  year = {2010},
  howpublished = {\url{http://tobi.oetiker.ch/lshort/lshort.pdf}}
 }
 
@BOOK{Mittelbach2005,
  author = {Frank Mittelbach},
  edition = {2. ed.},
  publisher = {Addison-Wesley},
  title = {The LATEX companion},
  year = 2005
}

@book{manning2008introduction,
  title={Introduction to information retrieval},
  author={Manning, Christopher D and Raghavan, Prabhakar and Sch{\"u}tze, Hinrich and others},
  volume={1},
  number={1},
  year={2008},
  publisher={Cambridge university press Cambridge}
}

@article{cui2015classification,
  title={Classification Team Project for IDEAL in CS5604, Spring 2015},
  author={Cui, Xuewen and Tao, Rongrong and Zhang, Ruide},
  year={2015}
}

@inproceedings{bergstra2013hyperopt,
  title={Hyperopt: A Python library for optimizing the hyperparameters of machine learning algorithms},
  author={Bergstra, James; Yamins, Dan and Cox, David D.},
  booktitle={Proceedings of the 12th Python in Science Conference},
  pages={13-20},
  year={2013}
}

@inproceedings{han2000mining,
  title={Mining frequent patterns without candidate generation},
  author={Han, Jiawei and Pei, Jian and Yin, Yiwen},
  booktitle={ACM Sigmod Record},
  volume={29},
  number={2},
  pages={1--12},
  year={2000},
  organization={ACM}
}